<record><leader>01451aam a2200397 a 4500</leader><controlfield tag="001">6765630</controlfield><controlfield tag="003">OCoLC</controlfield><controlfield tag="005">20141211105401.0</controlfield><controlfield tag="008">140701s2015    enka     b    001 0 eng d</controlfield><datafield ind1=" " ind2=" " tag="015"><subfield code="a">GBB474432</subfield><subfield code="2">bnb</subfield></datafield><datafield ind1="7" ind2=" " tag="016"><subfield code="a">016794558</subfield><subfield code="2">Uk</subfield></datafield><datafield ind1=" " ind2=" " tag="020"><subfield code="a">9781138018525 (hbk.)</subfield></datafield><datafield ind1=" " ind2=" " tag="020"><subfield code="a">113801852X (hbk.)</subfield></datafield><datafield ind1=" " ind2=" " tag="035"><subfield code="a">ocn884744035</subfield></datafield><datafield ind1=" " ind2=" " tag="040"><subfield code="a">UKMGB</subfield><subfield code="b">eng</subfield><subfield code="c">UKMGB</subfield><subfield code="d">OCLCO</subfield><subfield code="d">YDXCP</subfield><subfield code="d">BDX</subfield><subfield code="d">UAB</subfield></datafield><datafield ind1=" " ind2=" " tag="043"><subfield code="a">ec-----</subfield></datafield><datafield ind1=" " ind2="4" tag="050"><subfield code="a">DS135.E83</subfield><subfield code="b">C67 2015</subfield></datafield><datafield ind1="0" ind2="4" tag="082"><subfield code="a">305.8924043</subfield><subfield code="2">23</subfield></datafield><datafield ind1=" " ind2=" " tag="090"><subfield code="a">DS 135 E83 C67 2015</subfield><subfield code="b">AEU</subfield></datafield><datafield ind1="0" ind2="0" tag="245"><subfield code="a">Cosmopolitanism, nationalism and the Jews of East Central Europe /</subfield><subfield code="c">edited by Michael L. Miller and Scott Ury.</subfield></datafield><datafield ind1=" " ind2="1" tag="264"><subfield code="a">London ;</subfield><subfield code="a">New York :</subfield><subfield code="b">Routledge, Taylor &amp; Francis Group,</subfield><subfield code="c">2015.</subfield></datafield><datafield ind1=" " ind2=" " tag="300"><subfield code="a">xii, 220 pages :</subfield><subfield code="b">illustrations ;</subfield><subfield code="c">26 cm.</subfield></datafield><datafield ind1=" " ind2=" " tag="336"><subfield code="a">text</subfield><subfield code="2">rdacontent</subfield></datafield><datafield ind1=" " ind2=" " tag="336"><subfield code="a">still image</subfield><subfield code="2">rdacontent</subfield></datafield><datafield ind1=" " ind2=" " tag="337"><subfield code="a">unmediated</subfield><subfield code="2">rdamedia</subfield></datafield><datafield ind1=" " ind2=" " tag="338"><subfield code="a">volume</subfield><subfield code="2">rdacarrier</subfield></datafield><datafield ind1=" " ind2=" " tag="504"><subfield code="a">Includes bibliographical references and index.</subfield></datafield><datafield ind1=" " ind2=" " tag="596"><subfield code="a">43</subfield></datafield><datafield ind1=" " ind2="0" tag="650"><subfield code="a">Jews</subfield><subfield code="z">Europe, Central</subfield><subfield code="x">History.</subfield></datafield><datafield ind1=" " ind2="0" tag="650"><subfield code="a">Cosmopolitanism</subfield><subfield code="z">Europe, Central</subfield><subfield code="x">History.</subfield></datafield><datafield ind1=" " ind2="0" tag="650"><subfield code="a">Jewish nationalism</subfield><subfield code="z">Europe, Central</subfield><subfield code="x">History.</subfield></datafield><datafield ind1=" " ind2="0" tag="650"><subfield code="a">Jewish way of life.</subfield></datafield><datafield ind1="1" ind2=" " tag="700"><subfield code="a">Miller, Michael Laurence,</subfield><subfield code="e">editor.</subfield></datafield><datafield ind1="1" ind2=" " tag="700"><subfield code="a">Ury, Scott,</subfield><subfield code="e">editor.</subfield></datafield><datafield ind1=" " ind2=" " tag="949"><subfield code="a">DS 135 E83 C67 2015</subfield><subfield code="c">1</subfield><subfield code="h">UAHS-B</subfield><subfield code="i">0162035213444</subfield></datafield><datafield ind1=" " ind2=" " tag="926"><subfield code="a">DS 135 E83 C67 2015</subfield><subfield code="w">LC</subfield><subfield code="c">1</subfield><subfield code="i">0162035213444</subfield><subfield code="l">ON_SHELF</subfield><subfield code="m">UAHSS</subfield><subfield code="p">$150.00</subfield><subfield code="r">Y</subfield><subfield code="s">Y</subfield><subfield code="t">BOOK</subfield><subfield code="u">1/6/2015</subfield></datafield></record>